<?xml version="1.0" encoding="UTF-8"?>
<collection xmlns:xsi="http://www.w3.org/2001/XMLSchema-instance" xsi:schemaLocation="http://www.loc.gov/MARC21/slim http://www.loc.gov/standards/marcxml/schema/MARC21slim.xsd" xmlns="http://www.loc.gov/MARC21/slim">
<record>
  <leader>02452cam a2200445Ia 4500</leader>
  <controlfield tag="001">3072137</controlfield>
  <controlfield tag="003">NNC</controlfield>
  <controlfield tag="005">20141222133645.0</controlfield>
  <controlfield tag="008">880914r19641861iq            001 0 ara d</controlfield>
  <datafield tag="010" ind1=" " ind2=" ">
    <subfield code="a">ne 67001621 </subfield>
  </datafield>
  <datafield tag="019" ind1=" " ind2=" ">
    <subfield code="a">23486066</subfield>
  </datafield>
  <datafield tag="035" ind1=" " ind2=" ">
    <subfield code="9">ATP5168CU</subfield>
  </datafield>
  <datafield tag="035" ind1=" " ind2=" ">
    <subfield code="a">(OCoLC)ocm18484128</subfield>
  </datafield>
  <datafield tag="035" ind1=" " ind2=" ">
    <subfield code="a">(OCoLC)18484128</subfield>
    <subfield code="z">(OCoLC)23486066</subfield>
  </datafield>
  <datafield tag="035" ind1=" " ind2=" ">
    <subfield code="a">(NNC)3072137</subfield>
  </datafield>
  <datafield tag="040" ind1=" " ind2=" ">
    <subfield code="a">WAU</subfield>
    <subfield code="b">eng</subfield>
    <subfield code="c">WAU</subfield>
    <subfield code="d">EYM</subfield>
    <subfield code="d">MUQ</subfield>
    <subfield code="d">OSU</subfield>
    <subfield code="d">OCLCG</subfield>
    <subfield code="d">CSL</subfield>
    <subfield code="d">OCLCA</subfield>
    <subfield code="d">OCLCQ</subfield>
    <subfield code="d">OCLCF</subfield>
  </datafield>
  <datafield tag="050" ind1="0" ind2="4">
    <subfield code="a">PJ7750</subfield>
    <subfield code="b">.M8 1964</subfield>
  </datafield>
  <datafield tag="100" ind1="1" ind2=" ">
    <subfield code="6">880-01</subfield>
    <subfield code="a">Mutanabbī, Abū al-Ṭayyib Aḥmad ibn al-Ḥusayn,</subfield>
    <subfield code="d">915 or 916-965.</subfield>
  </datafield>
  <datafield tag="245" ind1="1" ind2="0">
    <subfield code="6">880-02</subfield>
    <subfield code="a">Dīwān Abī al-Ṭayyib al-Mutanabbī /</subfield>
    <subfield code="c">wa fī athnāʼ matnih sharḥ al-Waḥidī wa-arba ʻat fahāris taʼlīf Friedrich Dieterici.</subfield>
  </datafield>
  <datafield tag="246" ind1="1" ind2="5">
    <subfield code="a">Diwan al-Mutanabbī, with the commentary by Abi-l-Hasan Ali ibn Ahmad al-Wahidi al-Naisaburi</subfield>
  </datafield>
  <datafield tag="260" ind1=" " ind2=" ">
    <subfield code="6">880-03</subfield>
    <subfield code="a">Berlin :</subfield>
    <subfield code="b">[publisher not identified],</subfield>
    <subfield code="c">1861 ;</subfield>
    <subfield code="a">[Bagdad] :</subfield>
    <subfield code="b">[Maktabat-al-Muthanná],</subfield>
    <subfield code="c">[1964?]</subfield>
  </datafield>
  <datafield tag="300" ind1=" " ind2=" ">
    <subfield code="a">860, xiii pages ;</subfield>
    <subfield code="c">29 cm</subfield>
  </datafield>
  <datafield tag="336" ind1=" " ind2=" ">
    <subfield code="a">text</subfield>
    <subfield code="b">txt</subfield>
    <subfield code="2">rdacontent</subfield>
  </datafield>
  <datafield tag="337" ind1=" " ind2=" ">
    <subfield code="a">unmediated</subfield>
    <subfield code="b">n</subfield>
    <subfield code="2">rdamedia</subfield>
  </datafield>
  <datafield tag="338" ind1=" " ind2=" ">
    <subfield code="a">volume</subfield>
    <subfield code="b">nc</subfield>
    <subfield code="2">rdacarrier</subfield>
  </datafield>
  <datafield tag="500" ind1=" " ind2=" ">
    <subfield code="a">Photo-offset of the ed. of 1861, originally issued with a Latin t.p. which has not been reproduced: Mutanabbii Carmina cum commentario Waḥidii.</subfield>
  </datafield>
  <datafield tag="530" ind1=" " ind2=" ">
    <subfield code="a">Also issued online.</subfield>
  </datafield>
  <datafield tag="500" ind1=" " ind2=" ">
    <subfield code="a">Includes indexes.</subfield>
  </datafield>
  <datafield tag="650" ind1=" " ind2="0">
    <subfield code="a">Arabic poetry</subfield>
    <subfield code="y">750-1258</subfield>
    <subfield code="x">History and criticism.</subfield>
  </datafield>
  <datafield tag="650" ind1=" " ind2="7">
    <subfield code="a">Arabic poetry.</subfield>
    <subfield code="2">fast</subfield>
    <subfield code="0">(OCoLC)fst00812533</subfield>
  </datafield>
  <datafield tag="648" ind1=" " ind2="7">
    <subfield code="a">750 - 1258</subfield>
    <subfield code="2">fast</subfield>
  </datafield>
  <datafield tag="655" ind1=" " ind2="7">
    <subfield code="a">Criticism, interpretation, etc.</subfield>
    <subfield code="2">fast</subfield>
    <subfield code="0">(OCoLC)fst01411635</subfield>
  </datafield>
  <datafield tag="700" ind1="1" ind2=" ">
    <subfield code="6">880-04</subfield>
    <subfield code="a">Wāḥidī, Abū al-Ḥasan ʻAlī ibn Aḥmad,</subfield>
    <subfield code="d">-1075 or 1076.</subfield>
  </datafield>
  <datafield tag="700" ind1="1" ind2=" ">
    <subfield code="a">Dieterici, Friedrich.</subfield>
  </datafield>
  <datafield tag="776" ind1="0" ind2="8">
    <subfield code="i">Online version:</subfield>
    <subfield code="a">Mutanabbī, Abū al-Ṭayyib Aḥmad ibn al-Ḥusayn, 915 or 16-965.</subfield>
    <subfield code="t">Dīwān Abī al-Ṭayyib al-Mutanabbī.</subfield>
    <subfield code="d">Berlin : [s.n.], 1861 ; [Bagdad : Maktabat-al-Muthanná, 1964?]</subfield>
    <subfield code="w">(OCoLC)569139208</subfield>
  </datafield>
  <datafield tag="880" ind1="1" ind2=" ">
    <subfield code="6">100-01/r</subfield>
    <subfield code="a">متنبي، أبو الطيب أحمد بن الحسين،,</subfield>
    <subfield code="d">915 or 916-965.</subfield>
  </datafield>
  <datafield tag="880" ind1="1" ind2="0">
    <subfield code="6">245-02/r</subfield>
    <subfield code="a">ديوان أبي الطيب المتنبي /</subfield>
    <subfield code="c">و في اثناء متنه شرح الواحدي واربعة فهارس تأليف فريدرخ ديتريصى.</subfield>
  </datafield>
  <datafield tag="880" ind1=" " ind2=" ">
    <subfield code="6">260-03/r</subfield>
    <subfield code="a">برلين :</subfield>
    <subfield code="b">[s.n.],</subfield>
    <subfield code="c">1861 ;</subfield>
    <subfield code="a">[بغداد :</subfield>
    <subfield code="b">مكتبة المثنى،</subfield>
    <subfield code="c">1964؟]</subfield>
  </datafield>
  <datafield tag="880" ind1="1" ind2=" ">
    <subfield code="6">700-04/r</subfield>
    <subfield code="a">واحدي نيسابوري، أبو الحسن علي،,</subfield>
    <subfield code="d">-1075 or 1076.</subfield>
  </datafield>
  <datafield tag="955" ind1=" " ind2=" ">
    <subfield code="b">0021737800</subfield>
    <subfield code="d">glx</subfield>
    <subfield code="e">893.7M98 P113 Q</subfield>
  </datafield>
</record>
</collection>